@article{omurtag2000,
  title={On the simulation of large populations of neurons},
  author={Omurtag, Ahmet and Knight, Bruce W. and Sirovich, Lawrence},
  journal={Journal of computational neuroscience},
  volume={8},
  number={1},
  pages={51--63},
  year={2000},
  publisher={Springer}
}
@article{nykamp2000population,
  title={A population density approach that facilitates large-scale modeling of neural networks: Analysis and an application to orientation tuning},
  author={Nykamp, Duane Q and Tranchina, Daniel},
  journal={Journal of computational neuroscience},
  volume={8},
  number={1},
  pages={19--50},
  year={2000},
  publisher={Springer}
}

@article{de2013generic,
  title={A generic approach to solving jump diffusion equations with applications to neural populations},
  author={de Kamps, Marc},
  journal={arXiv preprint arXiv:1309.1654},
  year={2013}
}

@article{montbrio2015macroscopic,
  title={Macroscopic description for networks of spiking neurons},
  author={Montbri{\'o}, Ernest and Paz{\'o}, Diego and Roxin, Alex},
  journal={Physical Review X},
  volume={5},
  number={2},
  pages={021028},
  year={2015},
  publisher={APS}
}

@article{fourcaud2003spike,
  title={How spike generation mechanisms determine the neuronal response to fluctuating inputs},
  author={Fourcaud-Trocm{\'e}, Nicolas and Hansel, David and Van Vreeswijk, Carl and Brunel, Nicolas},
  journal={Journal of Neuroscience},
  volume={23},
  number={37},
  pages={11628--11640},
  year={2003},
  publisher={Soc Neuroscience}
}

@article{brunel1999fast,
  title={Fast global oscillations in networks of integrate-and-fire neurons with low firing rates},
  author={Brunel, Nicolas and Hakim, Vincent},
  journal={Neural computation},
  volume={11},
  number={7},
  pages={1621--1671},
  year={1999},
  publisher={MIT Press}
}

@article{kamps2003simple,
  title={A simple and stable numerical solution for the population density equation},
  author={Kamps, M de},
  journal={Neural computation},
  volume={15},
  number={9},
  pages={2129--2146},
  year={2003},
  publisher={MIT Press}
}

@article{amit1997model,
  title={Model of global spontaneous activity and local structured activity during delay periods in the cerebral cortex.},
  author={Amit, Daniel J and Brunel, Nicolas},
  journal={Cerebral cortex (New York, NY: 1991)},
  volume={7},
  number={3},
  pages={237--252},
  year={1997}
}
@article{de2019computational,
  title={Computational geometry for modeling neural populations: From visualization to simulation},
  author={De Kamps, Marc and Lepper{\o}d, Mikkel and Lai, Yi Ming},
  journal={PLoS computational biology},
  volume={15},
  number={3},
  pages={e1006729},
  year={2019},
  publisher={Public Library of Science San Francisco, CA USA}
}

@article{iyer2013influence,
  title={The influence of synaptic weight distribution on neuronal population dynamics},
  author={Iyer, Ramakrishnan and Menon, Vilas and Buice, Michael and Koch, Christof and Mihalas, Stefan},
  journal={PLoS Comput Biol},
  volume={9},
  number={10},
  pages={e1003248},
  year={2013},
  publisher={Public Library of Science}
}

@article{nagumo1962active,
  title={An active pulse transmission line simulating nerve axon},
  author={Nagumo, Jinichi and Arimoto, Suguru and Yoshizawa, Shuji},
  journal={Proceedings of the IRE},
  volume={50},
  number={10},
  pages={2061--2070},
  year={1962},
  publisher={IEEE}
}

@article{brette2005,
  title={Adaptive exponential integrate-and-fire model as an effective description of neuronal activity},
  author={Brette, Romain and Gerstner, Wulfram},
  journal={Journal of neurophysiology},
  volume={94},
  number={5},
  pages={3637--3642},
  year={2005},
  publisher={American Physiological Society}
}
@article{fitzhugh1961impulses,
  title={Impulses and physiological states in theoretical models of nerve membrane},
  author={FitzHugh, Richard},
  journal={Biophysical journal},
  volume={1},
  number={6},
  pages={445},
  year={1961},
  publisher={The Biophysical Society}
}

@article{potjans2014cell,
  title={The cell-type specific cortical microcircuit: relating structure and activity in a full-scale spiking network model},
  author={Potjans, Tobias C and Diesmann, Markus},
  journal={Cerebral cortex},
  volume={24},
  number={3},
  pages={785--806},
  year={2014},
  publisher={Oxford University Press}
}

@book{izhikevich2007dynamical,
  title={Dynamical systems in neuroscience},
  author={Izhikevich, Eugene M},
  year={2007},
  publisher={MIT press}
}

@article{izhikevich2003simple,
  title={Simple model of spiking neurons},
  author={Izhikevich, Eugene M},
  journal={IEEE Transactions on neural networks},
  volume={14},
  number={6},
  pages={1569--1572},
  year={2003},
  publisher={IEEE}
}

@article{wilson1972excitatory,
  title={Excitatory and inhibitory interactions in localized populations of model neurons},
  author={Wilson, Hugh R and Cowan, Jack D},
  journal={Biophysical journal},
  volume={12},
  number={1},
  pages={1--24},
  year={1972},
  publisher={Elsevier}
}

@article{sanz2013virtual,
  title={The Virtual Brain: a simulator of primate brain network dynamics},
  author={Sanz Leon, Paula and Knock, Stuart A and Woodman, M Marmaduke and Domide, Lia and Mersmann, Jochen and McIntosh, Anthony R and Jirsa, Viktor},
  journal={Frontiers in neuroinformatics},
  volume={7},
  pages={10},
  year={2013},
  publisher={Frontiers}
}
    
    @article{york2019muscles,
  title={Muscles Recruited During an Isometric Knee Extension Task is Defined by Proprioceptive Feedback},
  author={York, Gareth and Osborne, Hugh and Sriya, Piyanee and Astill, Sarah and De Kamps, Marc and Chakrabarty, Samit},
  journal={BioRxiv},
  pages={802736},
  year={2019},
  publisher={Cold Spring Harbor Laboratory}
}

@article{booth1995minimal,
  title={A minimal, compartmental model for a dendritic origin of bistability of motoneuron firing patterns},
  author={Booth, Victoria and Rinzel, John},
  journal={Journal of computational neuroscience},
  volume={2},
  number={4},
  pages={299--312},
  year={1995},
  publisher={Springer}
}

@article{jirsa2014nature,
  title={On the nature of seizure dynamics},
  author={Jirsa, Viktor K and Stacey, William C and Quilichini, Pascale P and Ivanov, Anton I and Bernard, Christophe},
  journal={Brain},
  volume={137},
  number={8},
  pages={2210--2230},
  year={2014},
  publisher={Oxford University Press}
}

@article{proix2014permittivity,
  title={Permittivity coupling across brain regions determines seizure recruitment in partial epilepsy},
  author={Proix, Timoth{\'e}e and Bartolomei, Fabrice and Chauvel, Patrick and Bernard, Christophe and Jirsa, Viktor K},
  journal={Journal of Neuroscience},
  volume={34},
  number={45},
  pages={15009--15021},
  year={2014},
  publisher={Soc Neuroscience}
}

@article{proix2017individual,
  title={Individual brain structure and modelling predict seizure propagation},
  author={Proix, Timoth{\'e}e and Bartolomei, Fabrice and Guye, Maxime and Jirsa, Viktor K},
  journal={Brain},
  volume={140},
  number={3},
  pages={641--654},
  year={2017},
  publisher={Oxford University Press}
}

@article{cain2016computational,
  title={The computational properties of a simplified cortical column model},
  author={Cain, Nicholas and Iyer, Ramakrishnan and Koch, Christof and Mihalas, Stefan},
  journal={PLoS computational biology},
  volume={12},
  number={9},
  pages={e1005045},
  year={2016},
  publisher={Public Library of Science}
}

@article{lai2017population,
  title={Population density equations for stochastic processes with memory kernels},
  author={Lai, Yi Ming and de Kamps, Marc},
  journal={Physical Review E},
  volume={95},
  number={6},
  pages={062125},
  year={2017},
  publisher={APS}
}

@article{brun1997root,
  title={ROOT—an object oriented data analysis framework},
  author={Brun, Rene and Rademakers, Fons},
  journal={Nuclear Instruments and Methods in Physics Research Section A: Accelerators, Spectrometers, Detectors and Associated Equipment},
  volume={389},
  number={1-2},
  pages={81--86},
  year={1997},
  publisher={North-Holland}
}

@article{tsodyks1997neural,
  title={The neural code between neocortical pyramidal neurons depends on neurotransmitter release probability},
  author={Tsodyks, Misha V and Markram, Henry},
  journal={Proceedings of the national academy of sciences},
  volume={94},
  number={2},
  pages={719--723},
  year={1997},
  publisher={National Acad Sciences}
}

@manual{miindwebsite,
      title  = "MIIND : Multiple Instantiations of Interacting Neural Dynamics [Internet]. Available from: http://miind.sourceforge.net.",
      author = "De Kamps, Marc and Lepper{\o}d, Mikkel and Lai, Yi Ming and Osborne, Hugh",
      year   = "2020"
    }
    
@manual{miindwebsitetvb,
      title  = "MIIND in The Virtual Brain [Internet]. Available from: http://miind.sourceforge.net.",
      author = "Osborne, Hugh and De Kamps, Marc",
      year   = "2020"
    }
    
@manual{dipdewebsite,
author = "DiPDE",
year = "2015",
title = "Website: © 2015 Allen Institute for Brain Science. DiPDE Simulator [Internet]. Available from: https://github.com/AllenInstitute/dipde."
}